01BGMAX               0120040525173035010331P                                   
050009912346          SEK                                                       
200003783511                   655969000000000000100000220000000000100          
26Kalles Plåt AB                                                                
27Storgatan 2                        12345                                      
28Storåker                                                                      
29005500001234                                                                  
21000378351189853                    0000000000000500003200023000011100         
26Kalles Plåt AB                                                                
27Storgatan 2                        12345                                      
28Storåker                                                                      
29005500001234                                                                  
200003783511657866 658765 657767     000000000000140000320000000000140          
220003783511                   657866000000000000000000220000000000140          
220003783511                   658765000000000000000000220000000000140          
220003783511                   657767000000000000000000220000000000140
220003783511		       657965000000000000000000220000000000140
25Betalning med extra refnr 657965                                              
26Kalles Plåt AB                                                                
27Storgatan 2                        12345                                      
28Storåker                                                                      
29005500001234                                                                  
15000000000000000000058410000010098232004052500074000000000000190000SEK00000003 
050009912346          SEK                                                       
200009701233                   650861000000000000110000210000000000120          
26Olles färg AB                                                                 
27Lillagatan 3                       12345                                      
28Storåker                                                                      
29005500004322                                                                  
200001234567                         000000000000120000130000000000131          
26Berits Garn                                                                   
27Storgatan 10                       12345                                      
28Storåker                                                                      
29005500002222                                                                  
200001234567                   659763000000000000070000230000000000161          
26Berits Garn                                                                   
27Storgatan 10                       12345                                      
28Storåker                                                                      
29005500002222                                                                  
200003783511                   658260000000000000500000220000000000160          
220003783511                   658369000000000000000000220000000000160          
220003783511                   658468000000000000000000220000000000160          
25 Faktura 658369                                                               
25 Faktura 658468                                                               
26Kalles Plåt AB                                                                
27Storgatan 2                        12345                                      
28Storåker                                                                      
29005500001234                                                                  
15000000000000000000058410000010098232004052500075000000000000800000SEK00000004 
7000000006000000010000000600000002